@Book{jones2011vascular,
  author    = {Jones, Stanley D and Wipff, Joseph K and Montgomery, Paul M},
  publisher = {University of {T}exas {P}ress},
  title     = {Vascular plants of {T}exas: a comprehensive checklist including synonymy, bibliography, and index},
  year      = {2011},
}

@article{tachajapong2008investigation,
  title={An investigation of crown fuel bulk density effects on the dynamics of crown fire initiation in shrublands},
  author={Tachajapong, Watcharapong and Lozano, Jesse and Mahalingam, Shankar and Zhou, Xiangyang and Weise, David R},
  journal={Combustion Science and Technology},
  volume={180},
  number={4},
  pages={593--615},
  year={2008},
  publisher={Taylor \& Francis}
}

@article{stephens2022mass,
  title={Mass fire behavior created by extensive tree mortality and high tree density not predicted by operational fire behavior models in the southern {S}ierra {N}evada},
  author={Stephens, Scott L and Bernal, Alexis A and Collins, Brandon M and Finney, Mark A and Lautenberger, Chris and Saah, David},
  journal={Forest Ecology and Management},
  volume={518},
  pages={120258},
  year={2022},
  publisher={Elsevier}
}

@article{montgomery1971effect,
  title={Effect of leaf thickness on ignitibility},
  author={Montgomery, Kenneth R and Cheo, PC},
  journal={Forest {S}cience},
  volume={17},
  number={4},
  pages={475--478},
  year={1971},
  publisher={Oxford University Press}
}

@article{archibald2003growing,
  title={Growing tall vs growing wide: tree architecture and allometry of \emph{Acacia karroo} in forest, savanna, and arid environments},
  author={Archibald, Sally and Bond, William J},
  journal={Oikos},
  volume={102},
  number={1},
  pages={3--14},
  year={2003},
  publisher={Wiley Online Library}
}

@article{wagner1977conditions,
  title={Conditions for the start and spread of crown fire},
  author={Wagner, CE Van},
  journal={Canadian {J}ournal of {F}orest {R}esearch},
  volume={7},
  number={1},
  pages={23--34},
  year={1977},
  publisher={NRC Research Press Ottawa, Canada}
}

@article{tumino2019plant,
  title={Plant traits linked to field-scale flammability metrics in prescribed burns in \emph{Eucalyptus} forest},
  author={Tumino, Bianca J and Duff, Thomas J and Goodger, Jason QD and Cawson, Jane G},
  journal={PLoS {O}ne},
  volume={14},
  number={8},
  pages={e0221403},
  year={2019},
  publisher={Public Library of Science San Francisco, CA USA}
}


@article{keeley2011fire,
  title={Fire as an evolutionary pressure shaping plant traits},
  author={Keeley, Jon E and Pausas, Juli G and Rundel, Philip W and Bond, William J and Bradstock, Ross A},
  journal={Trends in {P}lant {S}cience},
  volume={16},
  number={8},
  pages={406--411},
  year={2011},
  publisher={Elsevier}
}

@article{cui2022intraspecific,
  title={Intraspecific variation in shoot flammability in Dracophyllum rosmarinifolium is not predicted by habitat environmental conditions},
  author={Cui, Xinglei and Paterson, Adrian M and Perry, George LW and Wyse, Sarah V and Alam, Md Azharul and Huang, Congde and Zhou, Shixing and Xiao, Lin and Lai, Changhong and He, Fang and others},
  journal={Forest {E}cosystems},
  volume={9},
  pages={100017},
  year={2022},
  publisher={Elsevier}
}

@article{wyse2018shoot,
  title={Shoot--level flammability of species mixtures is driven by the most flammable species: implications for vegetation--fire feedbacks favouring invasive species},
  author={Wyse, Sarah V and Perry, George LW and Curran, Timothy J},
  journal={Ecosystems},
  volume={21},
  number={5},
  pages={886--900},
  year={2018},
  publisher={Springer}
}

@article{langsrud2003anova,
  title={ANOVA for unbalanced data: Use Type II instead of Type III sums of squares},
  author={Langsrud, {\O}yvind},
  journal={Statistics and {C}omputing},
  volume={13},
  number={2},
  pages={163--167},
  year={2003},
  publisher={Kluwer Academic Publishers Boston}
}


@article{montgomery1971effect,
  title={Effect of leaf thickness on ignitibility},
  author={Montgomery, Kenneth R and Cheo, PC},
  journal={Forest {S}cience},
  volume={17},
  number={4},
  pages={475--478},
  year={1971},
  publisher={Oxford University Press}
}

@article{mason2016fire,
  title={Fire form and function: evidence for exaptive flammability in the New Zealand flora},
  author={Mason, Norman WH and Frazao, Cyril and Buxton, Rowan P and Richardson, Sarah J},
  journal={Plant {E}cology},
  volume={217},
  pages={645--659},
  year={2016},
  publisher={Springer}
}

@article{changyong2014log,
  title={Log-transformation and its implications for data analysis},
  author={Changyong, FENG and Hongyue, WANG and Naiji, LU and Tian, CHEN and Hua, HE and Ying, LU and others},
  journal={{S}hanghai {A}rchives of {P}sychiatry},
  volume={26},
  number={2},
  pages={105},
  year={2014},
  publisher={Shanghai Mental Health Center}
}

@article{mccuen1990problems,
  title={Problems with logarithmic transformations in regression},
  author={McCuen, Richard H and Leahy, Rita B and Johnson, Peggy A},
  journal={Journal of {H}ydraulic {E}ngineering},
  volume={116},
  number={3},
  pages={414--428},
  year={1990},
  publisher={American Society of Civil Engineers}
}

@article{packard2008model,
  title={Model selection and logarithmic transformation in allometric analysis},
  author={Packard, Gary C and Boardman, Thomas J},
  journal={{P}hysiological and {B}iochemical {Z}oology},
  volume={81},
  number={4},
  pages={496--507},
  year={2008},
  publisher={The University of Chicago Press}
}

@article{o2010not,
  title={Do not log-transform count data},
  author={O'Hara, Robert and Kotze, Johan},
  journal={Nature {P}recedings},
  pages={1--1},
  year={2010},
  publisher={Nature Publishing Group UK London}
}

@article{st2018count,
  title={Count data in biology—Data transformation or model reformation?},
  author={St-Pierre, Anne P and Shikon, Violaine and Schneider, David C},
  journal={{E}cology and {E}volution},
  volume={8},
  number={6},
  pages={3077--3085},
  year={2018},
  publisher={Wiley Online Library}
}




@article{blanca2017non,
  title={Non-normal data: Is ANOVA still a valid option?},
  author={Blanca Mena, Mar{\'\i}a Jos{\'e} and Alarc{\'o}n Postigo, Rafael and Arnau Gras, Jaume and Bono Cabr{\'e}, Roser and Bendayan, Rebecca and others},
  journal={Psicothema},
  year={2017}
}




@Article{hauenschild2016phylogenetic,
  author    = {Hauenschild, Frank and Matuszak, Sabine and Muellner-Riehl, Alexandra N and Favre, Adrien},
  journal   = {Taxon},
  title     = {Phylogenetic relationships within the cosmopolitan buckthorn family (Rhamnaceae) support the resurrection of \emph{Sarcomphalus} and the description of Pseudoziziphus gen. nov.},
  year      = {2016},
  number    = {1},
  pages     = {47--64},
  volume    = {65},
  publisher = {Wiley Online Library},
}




@article{pausas2016secondary,
  title={Secondary compounds enhance flammability in a Mediterranean plant},
  author={Pausas, JG and Alessio, Giorgio A and Moreira, Bruno and Segarra-Moragues, Jos{\'e} G},
  journal={Oecologia},
  volume={180},
  number={1},
  pages={103--110},
  year={2016},
  publisher={Springer}
}




@Article{archibald2019unified,
  author    = {Archibald, Sally and Hempson, Gareth P and Lehmann, Caroline},
  journal   = {New {P}hytologist},
  title     = {A unified framework for plant life--history strategies shaped by fire and herbivory},
  year      = {2019},
  number    = {4},
  pages     = {1490--1503},
  volume    = {224},
  publisher = {Wiley Online Library},
}

@article{gagnon2010does,
  title={Does pyrogenicity protect burning plants?},
  author={Gagnon, Paul R and Passmore, Heather A and Platt, William J and Myers, Jonathan A and Paine, CE Timothy and Harms, Kyle E},
  journal={Ecology},
  volume={91},
  number={12},
  pages={3481--3486},
  year={2010},
  publisher={{W}iley {O}nline {L}ibrary}
}

@article{pausasandmoi2012flammability,
  title={Flammability as a biological concept},
  author={Pausas, Juli G and Moreira, Bruno},
  journal={New {P}hytologist},
  volume={194},
  number={3},
  pages={610--613},
  year={2012},
  publisher={JSTOR}
}

@Article{bond1996fire,
  author    = {Bond, WJ and van Wilgen},
  journal   = {Fire and {P}lants.},
  title     = {Fire and {P}lants.},
  year      = {1996},
  publisher = {Chapman \& Hall Ltd},
}

@article{lavorel2002predicting,
  title={Predicting changes in community composition and ecosystem functioning from plant traits: revisiting the {H}oly {G}rail},
  author={Lavorel, Sandra and Garnier, {\'E}ric},
  journal={Functional {E}cology},
  volume={16},
  number={5},
  pages={545--556},
  year={2002},
  publisher={Wiley Online Library}
}

@article{cochrane2003fire,
  title={Fire science for rainforests},
  author={Cochrane, Mark A},
  journal={Nature},
  volume={421},
  number={6926},
  pages={913--919},
  year={2003},
  publisher={Nature Publishing Group UK London}
}

@article{cleary2004changes,
  title={Changes in rain forest butterfly diversity following major ENSO-induced fires in Borneo},
  author={Cleary, Daniel FR and Genner, Martin J},
  journal={Global {E}cology and {B}iogeography},
  volume={13},
  number={2},
  pages={129--140},
  year={2004},
  publisher={Wiley Online Library}
}

@article{laurance2003slow,
  title={Slow burn: the insidious effects of surface fires on tropical forests},
  author={Laurance, William F},
  journal={Trends in {E}cology \& {E}volution},
  volume={18},
  number={5},
  pages={209--212},
  year={2003},
  publisher={Elsevier}
}

@article{bond2005fire,
  title={Fire as a global ‘herbivore’: the ecology and evolution of flammable ecosystems},
  author={Bond, William J and Keeley, Jon E},
  journal={Trends in {E}cology \& {E}volution},
  volume={20},
  number={7},
  pages={387--394},
  year={2005},
  publisher={Elsevier}
}


@Article{owens1998seasonal,
  author    = {Owens, M Keith and Lin, Chii-Dean and Taylor, Charles A and Whisenant, Steven G},
  journal   = {Journal of {C}hemical {E}cology},
  title     = {Seasonal patterns of plant flammability and monoterpenoid content in \emph{Juniperus ashei}},
  year      = {1998},
  number    = {12},
  pages     = {2115--2129},
  volume    = {24},
  publisher = {Springer},
}



@Article{bond1995kill,
  author    = {Bond, William J and Midgley, Jeremy J},
  journal   = {Oikos},
  title     = {Kill thy neighbour: an individualistic argument for the evolution of flammability},
  year      = {1995},
  pages     = {79--85},
  publisher = {JSTOR},
}

@article{morphospace,
  title={Fire reduces morphospace occupation in plant communities},
  author={Pausas, Juli G and Verd{\'u}, Miguel},
  journal={Ecology},
  volume={89},
  number={8},
  pages={2181--2186},
  year={2008},
  publisher={Wiley Online Library}
}

@article{fireecologicalfitlers,
  title={Fire severity filters regeneration traits to shape community assembly in {A}laska’s boreal forest},
  author={Hollingsworth, Teresa N and Johnstone, Jill F and Bernhardt, Emily L and Chapin III, F Stuart},
  journal={PloS one},
  volume={8},
  number={2},
  pages={e56033},
  year={2013},
  publisher={Public Library of Science San Francisco, USA}
}


@article{team2013r,
  title={R: {A} language and environment for statistical computing},
  author={Team, {R} {C}ore and others},
  year={2013},
  publisher={Vienna, Austria}
}


@misc{singmann2015packageafex,
  title={Package ‘afex’},
  author={Singmann, Henrik and Bolker, Ben and Westfall, Jake and Aust, Frederik},
  year={2015},
  publisher={Vienna}
}

@article{barton2015packagemumin,
  title={Package ‘mumin’},
  author={Barton, Kamil and Barton, Maintainer Kamil},
  journal={Version},
  volume={1},
  number={18},
  pages={439},
  year={2015}
}


@article{wickham2016packageggplot2,
  title={Package ‘ggplot2’},
  author={Wickham, Hadley and Chang, Winston and Wickham, Maintainer Hadley},
  journal={Create elegant data visualisations using the grammar of graphics. Version},
  volume={2},
  number={1},
  pages={1--189},
  year={2016}
}

@article{kassambara2020package,
  title={Package ‘ggpubr’},
  author={Kassambara, Alboukadel and Kassambara, Maintainer Alboukadel},
  journal={R package version 0.1},
  volume={6},
  year={2020}
}

@article{kassambara2017packagefactoextra,
  title={Package ‘factoextra’},
  author={Kassambara, Alboukadel and Mundt, Fabian},
  journal={Extract and visualize the results of multivariate data analyses},
  volume={76},
  number={2},
  year={2017}
}

@article{verdu2007ecologicalfilter,
  title={Fire drives phylogenetic clustering in {M}editerranean Basin woody plant communities},
  author={Verd{\'u}, Miguel and Pausas, JG},
  journal={Journal of {E}cology},
  volume={95},
  number={6},
  pages={1316--1323},
  year={2007},
  publisher={Wiley Online Library}
}

@article{afexluke2017evaluating,
  title={Evaluating significance in linear mixed-effects models in R},
  author={Luke, Steven G},
  journal={Behavior {R}esearch {M}ethods},
  volume={49},
  number={4},
  pages={1494--1502},
  year={2017},
  publisher={Springer}
}



@article{knapp1998patterns,
  title={Patterns and controls of aboveground net primary production in tallgrass prairie},
  author={Knapp, Alan K and Briggs, John M and Blair, John M and Turner, Clarence L},
  journal={Grassland dynamics: long-term ecological research in tallgrass prairie. Oxford University Press, New York},
  pages={193--221},
  year={1998}
}


@Article{pausas2012fire,
  author    = {Pausas, Juli G and Schwilk, Dylan},
  journal   = {New {P}hytologist},
  title     = {Fire and plant evolution},
  year      = {2012},
  number    = {2},
  pages     = {301--303},
  volume    = {193},
  publisher = {JSTOR},
}

@Article{midgley2013flammability,
  author    = {Midgley, Jeremy J},
  journal   = {Australian {J}ournal of {B}otany},
  title     = {Flammability is not selected for, it emerges},
  year      = {2013},
  number    = {2},
  pages     = {102--106},
  volume    = {61},
  publisher = {CSIRO Publishing},
}

@Article{schwilk2002genetic,
  author    = {Schwilk, Dylan W and Kerr, Benjamin},
  journal   = {Oikos},
  title     = {Genetic niche-hiking: an alternative explanation for the evolution of flammability},
  year      = {2002},
  number    = {3},
  pages     = {431--442},
  volume    = {99},
  publisher = {Wiley Online Library},
}

@Article{pausas2017flammability,
  author    = {Pausas, Juli G and Keeley, Jon E and Schwilk, Dylan W},
  journal   = {Journal of {E}cology},
  title     = {Flammability as an ecological and evolutionary driver},
  year      = {2017},
  number    = {2},
  pages     = {289--297},
  volume    = {105},
  publisher = {Wiley Online Library},
}



@Article{schwilk2011scaling,
  author    = {Schwilk, Dylan W and Caprio, Anthony C},
  journal   = {Journal of {E}cology},
  title     = {Scaling from leaf traits to fire behaviour: community composition predicts fire severity in a temperate forest},
  year      = {2011},
  number    = {4},
  pages     = {970--980},
  volume    = {99},
  publisher = {Wiley Online Library},
}

@Article{bond2010fire,
  author    = {Bond, William J and Scott, Andrew C},
  journal   = {New {P}hytologist},
  title     = {Fire and the spread of flowering plants in the Cretaceous},
  year      = {2010},
  number    = {4},
  pages     = {1137--1150},
  volume    = {188},
  publisher = {Wiley Online Library},
}

@Article{he2012fire,
  author    = {He, Tianhua and Pausas, Juli G and Belcher, Claire M and Schwilk, Dylan W and Lamont, Byron B},
  journal   = {New Phytologist},
  title     = {Fire-adapted traits of \emph{Pinus} arose in the fiery Cretaceous},
  year      = {2012},
  number    = {3},
  pages     = {751--759},
  volume    = {194},
  publisher = {Wiley Online Library},
}




@article{keeley2011fire,
  title={Fire as an evolutionary pressure shaping plant traits},
  author={Keeley, Jon E and Pausas, Juli G and Rundel, Philip W and Bond, William J and Bradstock, Ross A},
  journal={Trends in plant science},
  volume={16},
  number={8},
  pages={406--411},
  year={2011},
  publisher={Elsevier}
}

@article{pausas2004plant,
  title={Plant functional traits in relation to fire in crown-fire ecosystems},
  author={Pausas, Juli G and Bradstock, Ross A and Keith, David A and Keeley, Jon E},
  journal={Ecology},
  volume={85},
  number={4},
  pages={1085--1100},
  year={2004},
  publisher={Wiley Online Library}
}

@article{hothorn2016package,
  title={Package ‘multcomp’},
  author={Hothorn, Torsten and Bretz, Frank and Westfall, Peter and Heiberger, Richard M and Schuetzenmeister, Andre and Scheibe, Susan and Hothorn, Maintainer Torsten},
  journal={Simultaneous inference in general parametric models. Project for Statistical Computing, Vienna, Austria},
  year={2016}
}

@article{miller2012trends,
  title={Trends in wildfire severity: 1984 to 2010 in the {S}ierra {N}evada, {M}odoc {P}lateau, and southern {C}ascades, {C}alifornia, {USA}},
  author={Miller, Jay D and Safford, Hugh},
  journal={Fire {E}cology},
  volume={8},
  number={3},
  pages={41--57},
  year={2012},
  publisher={SpringerOpen}
}

@article{dennison2014large,
  title={Large wildfire trends in the western {U}nited {S}tates, 1984--2011},
  author={Dennison, Philip E and Brewer, Simon C and Arnold, James D and Moritz, Max A},
  journal={Geophysical Research Letters},
  volume={41},
  number={8},
  pages={2928--2933},
  year={2014},
  publisher={Wiley Online Library}
}

@article{weber2020spatiotemporal,
  title={Spatiotemporal trends in wildfires across the {W}estern {U}nited {S}tates (1950--2019)},
  author={Weber, Keith T and Yadav, Rituraj},
  journal={Remote Sensing},
  volume={12},
  number={18},
  pages={2959},
  year={2020},
  publisher={MDPI}
}

@article{salguero2020wildfire,
  title={Wildfire trend analysis over the contiguous united states using remote sensing observations},
  author={Salguero, John and Li, Jingjing and Farahmand, Alireza and Reager, John T},
  journal={Remote Sensing},
  volume={12},
  number={16},
  pages={2565},
  year={2020},
  publisher={MDPI}
}

@article{pinheiro2017package,
  title={Package ‘nlme’},
  author={Pinheiro, Jos{\'e} and Bates, Douglas and DebRoy, Saikat and Sarkar, Deepayan and Heisterkamp, Siem and Van Willigen, Bert and Maintainer, R},
  journal={Linear and nonlinear mixed effects models, version},
  volume={3},
  number={1},
  pages={274},
  year={2017}
}

@article{michaletz2012moving,
  title={Moving beyond the cambium necrosis hypothesis of post-fire tree mortality: cavitation and deformation of xylem in forest fires},
  author={Michaletz, Sean T and Johnson, EA and Tyree, MT},
  journal={New Phytologist},
  volume={194},
  number={1},
  pages={254--263},
  year={2012},
  publisher={Wiley Online Library}
}

@article{kavanagh2010way,
  title={A way forward for fire-caused tree mortality prediction: modeling a physiological consequence of fire},
  author={Kavanagh, Kathleen L and Dickinson, Matthew B and Bova, Anthony S},
  journal={Fire Ecology},
  volume={6},
  pages={80--94},
  year={2010},
  publisher={Springer}
}

@article{lodge2018xylem,
  title={Xylem heating increases vulnerability to cavitation in longleaf pine},
  author={Lodge, Alexandra G and Dickinson, Matthew B and Kavanagh, Kathleen L},
  journal={Environmental Research Letters},
  volume={13},
  number={5},
  pages={055007},
  year={2018},
  publisher={IOP Publishing}
}

@article{bova2005linking,
  title={Linking surface-fire behavior, stem heating, and tissue necrosis},
  author={Bova, Anthony S and Dickinson, Matthew B},
  journal={Canadian Journal of Forest Research},
  volume={35},
  number={4},
  pages={814--822},
  year={2005},
  publisher={NRC Research Press Ottawa, Canada}
}

@article{o2010acute,
  title={Acute physiological stress and mortality following fire in a long--unburned longleaf pine ecosystem},
  author={O’Brien, Joseph J and Kevin Hiers, J and Mitchell, RJ and Varner, J Morgan and Mordecai, Kathryn},
  journal={Fire Ecology},
  volume={6},
  number={2},
  pages={1--12},
  year={2010},
  publisher={SpringerOpen}
}

@article{west2016experimental,
  title={Experimental evidence for heat plume-induced cavitation and xylem deformation as a mechanism of rapid post-fire tree mortality},
  author={West, Adam G and Nel, Jacques A and Bond, William J and Midgley, Jeremy J},
  journal={New Phytologist},
  volume={211},
  number={3},
  pages={828--838},
  year={2016},
  publisher={Wiley Online Library}
}

@article{scarff2006leaf,
  title={Leaf litter flammability in some semi-arid {A}ustralian woodlands},
  author={Scarff, FR and Westoby, M},
  journal={Functional Ecology},
  pages={745--752},
  year={2006},
  publisher={JSTOR}
}

@article{cornwell2015flammability,
  title={Flammability across the gymnosperm phylogeny: the importance of litter particle size},
  author={Cornwell, William K and Elvira, Alba and van Kempen, Lute and van Logtestijn, Richard SP and Aptroot, Andr{\'e} and Cornelissen, J Hans C},
  journal={New Phytologist},
  volume={206},
  number={2},
  pages={672--681},
  year={2015},
  publisher={Wiley Online Library}
}

@article{perez2016corrigendum,
  title={Corrigendum to: New handbook for standardised measurement of plant functional traits worldwide},
  author={Perez-Harguindeguy, Natalia and Diaz, Sandra and Garnier, Eric and Lavorel, Sandra and Poorter, Hendrik and Jaureguiberry, Pedro and Bret-Harte, M Syndonia and Cornwell, William K and Craine, Joseph M and Gurvich, Diego E and others},
  journal={Australian Journal of botany},
  volume={64},
  number={8},
  pages={715--716},
  year={2016},
  publisher={CSIRO Publishing}
}

@article{cornelissen2003handbook,
  title={A handbook of protocols for standardised and easy measurement of plant functional traits worldwide},
  author={Cornelissen, JHC and Lavorel, S and Garnier, E and D{\'\i}az, Sandra and Buchmann, N and Gurvich, DE and Reich, PB and Ter Steege, H and Morgan, HD and Van Der Heijden, MGA and others},
  journal={Australian journal of Botany},
  volume={51},
  number={4},
  pages={335--380},
  year={2003},
  publisher={CSIRO Publishing}
}

@article{nelson1952observations,
  title={Observations on heat tolerance of southern pine needles},
  author={Nelson, Ralph Melvin and others},
  year={1952},
  publisher={Southeastern Forest Experiment Station, US Dept. of Agriculture, Forest Service}
}

@article{bond1983dead,
  title={Dead leaves and fire survival in southern {A}frican tree aloes},
  author={Bond, W},
  journal={Oecologia},
  volume={58},
  number={1},
  pages={110--114},
  year={1983},
  publisher={Springer}
}

@article{lawes2011bark,
  title={Bark thickness determines fire resistance of selected tree species from fire-prone tropical savanna in north {A}ustralia},
  author={Lawes, Michael J and Richards, Anna and Dathe, Josefine and Midgley, Jeremy J},
  journal={Plant Ecology},
  volume={212},
  pages={2057--2069},
  year={2011},
  publisher={Springer}
}

@article{pingree2019myth,
  title={The myth of the biological threshold: A review of biological responses to soil heating associated with wildland fire},
  author={Pingree, Melissa RA and Kobziar, Leda N},
  journal={Forest Ecology and Management},
  volume={432},
  pages={1022--1029},
  year={2019},
  publisher={Elsevier}
}

@article{vines1968heat,
  title={Heat transfer through bark, and the resistance of trees to fire.},
  author={Vines, RG},
  journal={Australian Journal of Botany},
  volume={16},
  number={3},
  pages={499--514},
  year={1968},
  publisher={CSIRO Publishing}
}


@article{wright1970method,
  title={A method to determine heat-caused mortality in bunchgrasses},
  author={Wright, Henry A},
  journal={Ecology},
  volume={51},
  number={4},
  pages={582--587},
  year={1970},
  publisher={Wiley Online Library}
}

@article{pinard1997fire,
  title={Fire resistance and bark properties of trees in a seasonally dry forest in eastern {B}olivia},
  author={Pinard, Michelle A and Huffman, Jean},
  journal={Journal of Tropical Ecology},
  volume={13},
  number={5},
  pages={727--740},
  year={1997},
  publisher={Cambridge University Press}
}

@article{engber2012patterns,
  title={Patterns of flammability of the {C}alifornia oaks: the role of leaf traits},
  author={Engber, Eamon A and Varner III, J Morgan},
  journal={Canadian Journal of Forest Research},
  volume={42},
  number={11},
  pages={1965--1975},
  year={2012},
  publisher={NRC Research Press}
}

@article{van2012species,
  title={Species composition and fire: non-additive mixture effects on ground fuel flammability},
  author={Van Altena, Cassandra and van Logtestijn, Richard SP and Cornwell, William K and Cornelissen, Johannes HC},
  journal={Frontiers in Plant Science},
  volume={3},
  pages={63},
  year={2012},
  publisher={Frontiers Research Foundation}
}

@article{blanchet2008forward,
  title={Forward selection of explanatory variables},
  author={Blanchet, F Guillaume and Legendre, Pierre and Borcard, Daniel},
  journal={Ecology},
  volume={89},
  number={9},
  pages={2623--2632},
  year={2008},
  publisher={Wiley Online Library}
}

@article{hengst1994bark,
  title={Bark properties and fire resistance of selected tree species from the central hardwood region of {N}orth {A}merica},
  author={Hengst, Gretel E and Dawson, Jeffrey O},
  journal={Canadian Journal of Forest Research},
  volume={24},
  number={4},
  pages={688--696},
  year={1994},
  publisher={NRC Research Press Ottawa, Canada}
}

@Manual{R,
    title = {R: A Language and Environment for Statistical Computing},
    author = {{R Core Team}},
    organization = {R Foundation for Statistical Computing},
    address = {Vienna, Austria},
    year = {2022},
    url = {https://www.R-project.org/},
  }

@article{madrigal2012evaluation,
  title={Evaluation of the flammability of gorse (\emph{Ulex europaeus} {L.}) managed by prescribed burning},
  author={Madrigal, Javier and Marino, Eva and Guijarro, Mercedes and Hernando, Carmen and D{\'\i}ez, Carmen},
  journal={Annals of Forest Science},
  volume={69},
  pages={387--397},
  year={2012},
  publisher={Springer}
}


@article{jones2006prediction,
  title={Prediction and measurement of thermally induced cambial tissue necrosis in tree stems},
  author={Jones, Joshua L and Webb, Brent W and Butler, Bret W and Dickinson, Matthew B and Jimenez, Daniel and Reardon, James and Bova, Anthony S},
  journal={International Journal of Wildland Fire},
  volume={15},
  number={1},
  pages={3--17},
  year={2006},
  publisher={CSIRO Publishing}
}

@article{o2018advances,
  title={Advances in mechanistic approaches to quantifying biophysical fire effects},
  author={O’Brien, JJ and Hiers, JK and Varner, JM and Hoffman, CM and Dickinson, MB and Michaletz, ST and Loudermilk, EL and Butler, BW},
  journal={Current Forestry Reports},
  volume={4},
  pages={161--177},
  year={2018},
  publisher={Springer}
}

@article{ojima1994long,
  title={Long-and short-term effects of fire on nitrogen cycling in tallgrass prairie},
  author={Ojima, Dennis S and Schimel, DS and Parton, WJ and Owensby, CE},
  journal={Biogeochemistry},
  volume={24},
  pages={67--84},
  year={1994},
  publisher={Springer}
}

@article{bar2019fire,
  title={Fire effects on tree physiology},
  author={B{\"a}r, Andreas and Michaletz, Sean T and Mayr, Stefan},
  journal={New Phytologist},
  volume={223},
  number={4},
  pages={1728--1741},
  year={2019},
  publisher={Wiley Online Library}
}

@book{smith2000wildland,
  title={Wildland fire in ecosystems: effects of fire on fauna},
  author={Smith, Jane Kapler and Lyon, L Jack},
  volume={2},
  year={2000},
  publisher={US Department of Agriculture, Forest Service, Rocky Mountain Research Station}
}


@article{wan2001fire,
  title={Fire effects on nitrogen pools and dynamics in terrestrial ecosystems: a meta-analysis},
  author={Wan, Shiqiang and Hui, Dafeng and Luo, Yiqi},
  journal={Ecological Applications},
  volume={11},
  number={5},
  pages={1349--1365},
  year={2001},
  publisher={Wiley Online Library}
}


@article{debano1978effect,
  title={The effect of fire on nutrients in a chaparral ecosystem},
  author={DeBano, Leonard F and Conrad, C Eugene},
  journal={Ecology},
  volume={59},
  number={3},
  pages={489--497},
  year={1978},
  publisher={Wiley {O}nline {L}ibrary}
}

@article{keane2008ecological,
  title={{Ecological effects of large fires on {US} landscapes: benefit or catastrophe?}^A},
  author={Keane, Robert E and Agee, James K and Fule, Peter and Keeley, Jon E and Key, Carl and Kitchen, Stanley G and Miller, Richard and Schulte, Lisa A},
  journal={International {J}ournal of {W}ildland Fire},
  volume={17},
  number={6},
  pages={696--712},
  year={2008},
  publisher={CSIRO Publishing}
}

@article{brown2000wildland,
  title={Wildland fire in ecosystems: effects of fire on flora},
  author={Brown, James K and Smith, Jane Kapler},
  journal={Gen. Tech. Rep. RMRS-GTR-42-vol. 2. Ogden, UT: US Department of Agriculture, Forest Service, Rocky Mountain Research Station. 257 p.},
  volume={42},
  year={2000}
}


@book{debano1998fire,
  title={Fire effects on ecosystems},
  author={DeBano, Leonard F and Neary, Daniel G and Ffolliott, Peter F},
  year={1998},
  publisher={John Wiley \& Sons}
}
@article{roces2022global,
  title={A global synthesis of fire effects on ecosystem services of forests and woodlands},
  author={Roces-D{\'\i}az, Jose V and Sant{\'\i}n, Cristina and Mart{\'\i}nez-Vilalta, Jordi and Doerr, Stefan H},
  journal={Frontiers in {E}cology and the {E}nvironment},
  volume={20},
  number={3},
  pages={170--178},
  year={2022},
  publisher={Wiley Online Library}
}


@article{grogan2000fire,
  title={Fire effects on ecosystem nitrogen cycling in a {C}alifornian bishop pine forest},
  author={Grogan, Paul and Burns, TD and Chapin Iii, FS},
  journal={Oecologia},
  volume={122},
  pages={537--544},
  year={2000},
  publisher={Springer}
}


@InCollection{resco2020evolution,
  author    = {Resco de Dios, V{\'\i}ctor},
  booktitle = {Plant-Fire Interactions},
  publisher = {Springer},
  title     = {The Evolution of {P}hysiological {A}daptations in a {F}lammable {P}lanet},
  year      = {2020},
  pages     = {53--73},
}
@article{midgley2011pushingreseeders,
  title={Pushing back in time: the role of fire in plant evolution.},
  author={Midgley, Jeremy and Bond, William and others},
  journal={New {P}hytologist},
  volume={191},
  number={1},
  pages={5--7},
  year={2011},
  publisher={Wiley-Blackwell}
}





@article{schwilk2001flammability,
  title={Flammability and serotiny as strategies: correlated evolution in pines},
  author={Schwilk, Dylan W and Ackerly, David D},
  journal={Oikos},
  volume={94},
  number={2},
  pages={326--336},
  year={2001},
  publisher={Wiley {O}nline Library}
}

@article{ganteaume2021volatile,
  title={Volatile and semi-volatile terpenes impact leaf flammability: differences according to the level of terpene identification},
  author={Ganteaume, Anne and Romero, Bastien and Fernandez, Catherine and Orme{\~n}o, Elena and Lecareux, Caroline},
  journal={Chemoecology},
  volume={31},
  number={4},
  pages={259--275},
  year={2021},
  publisher={Springer}
}
@article{steward1988there,
  title={Are there trade-offs among antiherbivore defenses in {Ipomoea} ({C}onvolvulaceae)?},
  author={Steward, Jeffrey L and Keeler, Kathleen H},
  journal={Oikos},
  pages={79--86},
  year={1988},
  publisher={JSTOR}
}


@article{bates2009package,
  title={Package ‘lme4’},
  author={Bates, Douglas and Maechler, Martin and Bolker, Ben and Walker, Steven and Christensen, Rune Haubo Bojesen and Singmann, Henrik and Dai, Bin and Scheipl, Fabian and Grothendieck, Gabor},
  journal={URL http://lme4. r-forge. r-project. org},
  year={2009}
}

@article{fox2013hypothesis,
  title={Hypothesis tests for multivariate linear models using the car package.},
  author={Fox, John and Friendly, Michael and Weisberg, Sanford},
  journal={R J.},
  volume={5},
  number={1},
  pages={39},
  year={2013}
}


@article{eichenberg2015trade,
  title={Trade-offs between physical and chemical carbon-based leaf defence: of intraspecific variation and trait evolution},
  author={Eichenberg, David and Purschke, Oliver and Ristok, Christian and Wessjohann, Ludger and Bruelheide, Helge},
  journal={Journal of {E}cology},
  volume={103},
  number={6},
  pages={1667--1679},
  year={2015},
  publisher={Wiley Online Library}
}



@article{detweiler2006fire,
  title={Fire-resistant plants for home landscapes: Selecting plants that may reduce your risk from wildfire},
  author={Detweiler, Amy Jo and Fitzgerald, Stephen Arthur and others},
  year={2006}
}


@article{danell1994browseeffects,
  title={Effects of large mammalian browsers on architecture, biomass, and nutrients of woody plants},
  author={Danell, Kjell and Bergstr{\"o}m, Roger and Edenius, Lars},
  journal={Journal of {M}ammalogy},
  volume={75},
  number={4},
  pages={833--844},
  year={1994},
  publisher={American Society of Mammalogists 810 East 10th Street, PO Box 1897, Lawrence~…}
}

@article{guerrero2021leaf,
  title={Leaf thermal and chemical properties as natural drivers of plant flammability of native and exotic tree species of the valpara{\'\i}so region, chile},
  author={Guerrero, Fabi{\'a}n and Hern{\'a}ndez, Carla and Toledo, Mario and Espinoza, Lorena and Carrasco, Yulian and Arriagada, Andr{\'e}s and Mu{\~n}oz, Ariel and Taborga, Lautaro and Bergmann, Jan and Carmona, Camilo},
  journal={International {J}ournal of {E}nvironmental {R}esearch and {P}ublic {H}ealth},
  volume={18},
  number={13},
  pages={7191},
  year={2021},
  publisher={MDPI}
}

@article{wang2008molecular,
  title={Molecular basis of plant architecture},
  author={Wang, Yonghong and Li, Jiayang},
  journal={Annual review of plant biology},
  volume={59},
  pages={253},
  year={2008},
  publisher={ANNUAL REVIEWS INC}
}

@article{bentley2013empirical,
  title={An empirical assessment of tree branching networks and implications for plant allometric scaling models},
  author={Bentley, Lisa Patrick and Stegen, James C and Savage, Van M and Smith, Duncan D and von Allmen, Erica I and Sperry, John S and Reich, Peter B and Enquist, Brian J},
  journal={Ecology {L}etters},
  volume={16},
  number={8},
  pages={1069--1078},
  year={2013},
  publisher={Wiley Online Library}
}

@article{ackerly1998leaf,
  title={Leaf size, sapling allometry, and Corner's rules: phylogeny and correlated evolution in maples (Acer)},
  author={Ackerly, DD and Donoghue, MJ},
  journal={The {A}merican {N}aturalist},
  volume={152},
  number={6},
  pages={767--791},
  year={1998},
  publisher={The University of Chicago Press}
}


@article{young2009assessmentallelopathy,
  title={Assessment of the allelopathic potential of \emph{Juniperus ashei} on germination and growth of \emph{Bouteloua curtipendula}},
  author={Young, GP and Bush, JK},
  journal={Journal of {C}hemical {E}cology},
  volume={35},
  number={1},
  pages={74--80},
  year={2009},
  publisher={Springer}
}

@Article{snyder1984role,
  author  = {Snyder, JR},
  journal = {Oikos (Denmark)},
  title   = {The role of fire: Mutch ado about nothing?[flammability, communities]},
  year    = {1984},
}

@article{masters1986prescribed,
  title={Prescribed burning with a helitorch on the Texas rolling plains.},
  author={Masters, Robert A and Rasmussen, G Allen and McPherson, Guy R},
  journal={Rangelands {A}rchives},
  volume={8},
  number={4},
  pages={173--176},
  year={1986}
}

@Article{kerr1999rekindling,
  author    = {Kerr, Benjamin and Schwilk, Dylan W and Bergman, Aviv and Feldman, Marcus W},
  journal   = {Evolutionary {E}cology {R}esearch},
  title     = {Rekindling an old flame: a haploid model for the evolution and impact of flammability in resprouting plants},
  year      = {1999},
  number    = {7},
  pages     = {807--833},
  volume    = {1},
  publisher = {Evolutionary Ecology, Ltd.},
}

@article{noy1995interactive,
  title={Interactive effects of fire and grazing on structure and diversity of {M}editerranean grasslands},
  author={Noy-Meir, Imanuel},
  journal={Journal of {V}egetation {S}cience},
  volume={6},
  number={5},
  pages={701--710},
  year={1995},
  publisher={Wiley Online Library}
}

@Article{battersby2017exploring,
  author    = {Battersby, Paul F and Wilmshurst, Janet M and Curran, Timothy J and McGlone, Matthew S and Perry, George LW},
  journal   = {Journal of {B}iogeography},
  title     = {Exploring fire adaptation in a land with little fire: serotiny in \emph{Leptospermum scoparium} ({M}yrtaceae)},
  year      = {2017},
  number    = {6},
  pages     = {1306--1318},
  volume    = {44},
  publisher = {Wiley Online Library},
}

@Article{pausas2012firesulex,
  author    = {Pausas, Juli G and Alessio, Giorgio A and Moreira, Bruno and Corcobado, Guadalupe},
  journal   = {New {P}hytologist},
  title     = {Fires enhance flammability in \emph{Ulex parviflorus}},
  year      = {2012},
  number    = {1},
  pages     = {18--23},
  volume    = {193},
  publisher = {JSTOR},
  }
  

  
@article{wright1976effect,
  title={Effect of fire on honey mesquite.},
  author={Wright, Henry A and Bunting, Stephen C and Neuenschwander, Leon F},
  journal={Rangeland {E}cology \& {M}anagement/{J}ournal of {R}ange {M}anagement {A}rchives},
  volume={29},
  number={6},
  pages={467--471},
  year={1976}
}

@Article{cui2022intraspecific,
  author    = {Cui, Xinglei and Paterson, Adrian M and Perry, George LW and Wyse, Sarah V and Alam, Md Azharul and Huang, Congde and Zhou, Shixing and Xiao, Lin and Lai, Changhong and He, Fang and others},
  journal   = {Forest {E}cosystems},
  title     = {Intraspecific variation in shoot flammability in \emph{Dracophyllum rosmarinifolium} is not predicted by habitat environmental conditions},
  year      = {2022},
  pages     = {100017},
  volume    = {9},
  publisher = {Elsevier},
}

@Article{cui2020shoot,
  author    = {Cui, Xinglei and Paterson, Adrian M and Alam, Md Azharul and Wyse, Sarah V and Marshall, Kate and Perry, George LW and Curran, Timothy J},
  journal   = {New {P}hytologist},
  title     = {Shoot--level flammability across the \emph{Dracophyllum} (Ericaceae) phylogeny: evidence for flammability being an emergent property in a land with little fire},
  year      = {2020},
  number    = {1},
  pages     = {95--105},
  volume    = {228},
  publisher = {Wiley Online Library},
}


@article{mcinnes2022doesseedcoatchemistry,
  title={Does fire drive fatty acid composition in seed coats of physically dormant species?},
  author={McInnes, SJ and Tangney, R and Brophy, JJ and Thordarson, P and Ooi, MKJ},
  journal={Plant {B}iology},
  year={2022},
  publisher={Wiley Online Library}
}

@Article{jaureguiberry2011device,
  author    = {Jaureguiberry, Pedro and Bertone, Gustavo and Diaz, Sandra},
  journal   = {Austral {E}cology},
  title     = {Device for the standard measurement of shoot flammability in the field},
  year      = {2011},
  number    = {7},
  pages     = {821--829},
  volume    = {36},
  publisher = {Wiley Online Library},
}

@Article{wyse2016quantitative,
  author    = {Wyse, Sarah V and Perry, George LW and O’Connell, Dean M and Holland, Phillip S and Wright, Monique J and Hosted, Catherine L and Whitelock, Samuel L and Geary, Ian J and Maurin, K{\'e}vin JL and Curran, Timothy J},
  journal   = {International Journal of Wildland Fire},
  title     = {A quantitative assessment of shoot flammability for 60 tree and shrub species supports rankings based on expert opinion},
  year      = {2016},
  number    = {4},
  pages     = {466--477},
  volume    = {25},
  publisher = {CSIRO Publishing},
}

@Article{cui2020shoot,
  author    = {Cui, Xinglei and Paterson, Adrian M and Wyse, Sarah V and Alam, Md Azharul and Maurin, K{\'e}vin JL and Pieper, Robin and Padull{\'e}s Cubino, Josep and O’Connell, Dean M and Donkers, Djessie and Br{\'e}da, Julien and others},
  journal   = {Nature Plants},
  title     = {Shoot flammability of vascular plants is phylogenetically conserved and related to habitat fire--proneness and growth form},
  year      = {2020},
  number    = {4},
  pages     = {355--359},
  volume    = {6},
  publisher = {Nature Publishing Group},
}

@Article{calitz2015investigating,
  author    = {Calitz, Wynand and Potts, Alastair J and Cowling, Richard M},
  journal   = {South African Journal of Botany},
  title     = {Investigating species--level flammability across five biomes in the {E}astern {C}ape, {S}outh {A}frica},
  year      = {2015},
  pages     = {32--39},
  volume    = {101},
  publisher = {Elsevier},
}

@article{de2012leaf,
  title={Leaf traits and litter flammability: evidence for non-additive mixture effects in a temperate forest},
  author={de Magalhaes, Rita MQ and Schwilk, Dylan W},
  journal={Journal of Ecology},
  volume={100},
  number={5},
  pages={1153--1163},
  year={2012},
  publisher={Wiley Online Library}
}


@article{kenward1997small,
  title={Small sample inference for fixed effects from restricted maximum likelihood},
  author={Kenward, Michael G and Roger, James H},
  journal={Biometrics},
  pages={983--997},
  year={1997},
  publisher={JSTOR}
}


@Article{zanzarini2022flammability,
  author    = {Zanzarini, Vagner and Andersen, Alan N and Fidelis, Alessandra},
  journal   = {Biotropica},
  title     = {Flammability in tropical savannas: Variation among growth forms and seasons in Cerrado},
  year      = {2022},
  publisher = {Wiley Online Library},
}

@Article{potts2022growth,
  author    = {Potts, Ebony and Tng, David and Apgaua, Deborah and Curran, Timothy J and Engert, Jayden and Laurance, Susan GW},
  journal   = {Forest Ecology and Management},
  title     = {Growth form and functional traits influence the shoot flammability of tropical rainforest species},
  year      = {2022},
  pages     = {120485},
  volume    = {522},
  publisher = {Elsevier},
}

@Article{anderson1970forest,
  author    = {Anderson, Hal E},
  journal   = {Fire technology},
  title     = {Forest fuel ignitibility},
  year      = {1970},
  number    = {4},
  pages     = {312--319},
  volume    = {6},
  publisher = {Springer},
}

@article{mcgranahan2020inconvenient,
  title={An inconvenient truth about temperature--time data from thermocouples},
  author={McGranahan, Devan Allen},
  journal={Plant Ecology},
  volume={221},
  number={11},
  pages={1091--1104},
  year={2020},
  publisher={Springer}
}

@InProceedings{martin1993assessing,
  author       = {Martin, RE and Gordon, DA and Gutierrez, MA and Lee, DS and Molina, DM and Schroeder, RA and Sapsis, DB and Stephens, SL and Chambers, M},
  booktitle    = {Proceedings of the 12th conference on fire and forest meteorology},
  title        = {Assessing the flammability of domestic and wildland vegetation},
  year         = {1993},
  organization = {Bethesda Rockville, MD, USA},
  pages        = {26--28},
}

@Article{prior2018conceptualizing,
  author    = {Prior, Lynda D and Murphy, Brett P and Bowman, David MJS},
  journal   = {Fire},
  title     = {Conceptualizing ecological flammability: An experimental test of three frameworks using various types and loads of surface fuels},
  year      = {2018},
  number    = {1},
  pages     = {14},
  volume    = {1},
  publisher = {MDPI},
}

@Article{gill2005flammability,
  author    = {Gill, A Malcolm and Zylstra, Phil},
  journal   = {Australian forestry},
  title     = {Flammability of Australian forests},
  year      = {2005},
  number    = {2},
  pages     = {87--93},
  volume    = {68},
  publisher = {Taylor \& Francis},
}

@Article{schwilk2003flammability,
  author    = {Schwilk, Dylan W},
  journal   = {The American Naturalist},
  title     = {Flammability is a niche construction trait: canopy architecture affects fire intensity},
  year      = {2003},
  number    = {6},
  pages     = {725--733},
  volume    = {162},
  publisher = {The University of Chicago Press},
}

@Article{gao2018grass,
  author    = {Gao, Xiulin and Schwilk, Dylan W},
  journal   = {Fire},
  title     = {Grass canopy architecture influences temperature exposure at soil surface},
  year      = {2018},
  number    = {3},
  pages     = {35},
  volume    = {1},
  publisher = {MDPI},
}

@Article{alam2020shoot,
  author    = {Alam, Md Azharul and Wyse, Sarah V and Buckley, Hannah L and Perry, George LW and Sullivan, Jon J and Mason, Norman WH and Buxton, Rowan and Richardson, Sarah J and Curran, Timothy J},
  journal   = {Journal of Ecology},
  title     = {Shoot flammability is decoupled from leaf flammability, but controlled by leaf functional traits},
  year      = {2020},
  number    = {2},
  pages     = {641--653},
  volume    = {108},
  publisher = {Wiley Online Library},
}

@Article{fernandes2012plant,
  author    = {Fernandes, Paulo M and Cruz, Miguel G},
  journal   = {New Phytologist},
  title     = {Plant flammability experiments offer limited insight into vegetation--fire dynamics interactions},
  year      = {2012},
  number    = {3},
  pages     = {606--609},
  volume    = {194},
  publisher = {JSTOR},
}

@Book{halle2012tropical,
  author    = {Hall{\'e}, Francis and Oldeman, Roelof AA and Tomlinson, Philip Barry},
  publisher = {Springer Science \& Business Media},
  title     = {Tropical trees and forests: an architectural analysis},
  year      = {2012},
}

@Article{mcsteen2005shoot,
  author    = {McSteen, Paula and Leyser, Ottoline},
  journal   = {Annual review of plant biology},
  title     = {Shoot branching},
  year      = {2005},
  pages     = {353},
  volume    = {56},
  publisher = {Annual Reviews, Inc.},
}

@Article{varner2022understanding,
  author    = {Varner, J Morgan and Shearman, Timothy M and Kane, Jeffrey M and Banwell, Erin M and Jules, Erik S and Stambaugh, Michael C},
  journal   = {Scientific reports},
  title     = {Understanding flammability and bark thickness in the genus \emph{Pinus} using a phylogenetic approach},
  year      = {2022},
  number    = {1},
  pages     = {1--10},
  volume    = {12},
  publisher = {Nature Publishing Group},
}

@Article{bentley2013empirical,
  author    = {Bentley, Lisa Patrick and Stegen, James C and Savage, Van M and Smith, Duncan D and von Allmen, Erica I and Sperry, John S and Reich, Peter B and Enquist, Brian J},
  journal   = {Ecology letters},
  title     = {An empirical assessment of tree branching networks and implications for plant allometric scaling models},
  year      = {2013},
  number    = {8},
  pages     = {1069--1078},
  volume    = {16},
  publisher = {Wiley Online Library},
}

@Article{wright2004worldwide,
  author    = {Wright, Ian J and Reich, Peter B and Westoby, Mark and Ackerly, David D and Baruch, Zdravko and Bongers, Frans and Cavender-Bares, Jeannine and Chapin, Terry and Cornelissen, Johannes HC and Diemer, Matthias and others},
  journal   = {Nature},
  title     = {The worldwide leaf economics spectrum},
  year      = {2004},
  number    = {6985},
  pages     = {821--827},
  volume    = {428},
  publisher = {Nature Publishing Group},
}

@Article{pausas2016secondary,
  author    = {Pausas, JG and Alessio, Giorgio A and Moreira, Bruno and Segarra-Moragues, Jos{\'e} G},
  journal   = {Oecologia},
  title     = {Secondary compounds enhance flammability in a Mediterranean plant},
  year      = {2016},
  number    = {1},
  pages     = {103--110},
  volume    = {180},
  publisher = {Springer},
}

@Article{volatile1,
  author    = {Ganteaume, Anne and Romero, Bastien and Fernandez, Catherine and Orme{\~n}o, Elena and Lecareux, Caroline},
  journal   = {Chemoecology},
  title     = {Volatile and semi-volatile terpenes impact leaf flammability: differences according to the level of terpene identification},
  year      = {2021},
  number    = {4},
  pages     = {259--275},
  volume    = {31},
  publisher = {Springer},
}

@Article{volatile2,
  author    = {Alessio, Giorgio A and Pe{\~n}uelas, Josep and Llusi{\`a}, Joan and Ogaya, Rom{\'a} and Estiarte, Marc and De Lillis, M},
  journal   = {International Journal of Wildland Fire},
  title     = {Influence of water and terpenes on flammability in some dominant Mediterranean species},
  year      = {2008},
  number    = {2},
  pages     = {274--286},
  volume    = {17},
  publisher = {CSIRO Publishing},
}

@Article{volatile3,
  author    = {Guerrero, Fabi{\'a}n and Hern{\'a}ndez, Carla and Toledo, Mario and Espinoza, Lorena and Carrasco, Yulian and Arriagada, Andr{\'e}s and Mu{\~n}oz, Ariel and Taborga, Lautaro and Bergmann, Jan and Carmona, Camilo},
  journal   = {International journal of environmental research and public health},
  title     = {Leaf thermal and chemical properties as natural drivers of plant flammability of native and exotic tree species of the valpara{\'\i}so region, chile},
  year      = {2021},
  number    = {13},
  pages     = {7191},
  volume    = {18},
  publisher = {MDPI},
}



@Article{gao2022burn,
  author    = {Gao, Xiulin and Schwilk, Dylan W},
  journal   = {Oikos},
  title     = {Burn hot or tolerate trees: flammability decreases with shade tolerance in grasses},
  year      = {2022},
  number    = {4},
  pages     = {e08930},
  volume    = {2022},
  publisher = {Wiley Online Library},
}

@Article{choczynska2009soil,
  author    = {Choczynska, Joanna and Johnson, Edward A},
  journal   = {Journal of Vegetation Science},
  title     = {A soil heat and water transfer model to predict belowground grass rhizome bud death in a grass fire},
  year      = {2009},
  number    = {2},
  pages     = {277--287},
  volume    = {20},
  publisher = {Wiley Online Library},
}

@Article{bowman2018differential,
  author    = {Bowman, David MJS and Haverkamp, C{\'e}dric and Rann, Karl D and Prior, Lynda D},
  journal   = {Journal of Ecology},
  title     = {Differential demographic filtering by surface fires: how fuel type and fuel load affect sapling mortality of an obligate seeder savanna tree},
  year      = {2018},
  number    = {3},
  pages     = {1010--1022},
  volume    = {106},
  publisher = {Wiley Online Library},
}

@Article{team2013r,
  author    = {Team, R Core and others},
  title     = {R: A language and environment for statistical computing},
  year      = {2013},
  publisher = {Vienna, Austria},
}

@Misc{singmann2015package,
  author    = {Singmann, Henrik and Bolker, Ben and Westfall, Jake and Aust, Frederik},
  title     = {Package ‘afex’},
  year      = {2015},
  publisher = {Vienna},
}

@Article{luke2017evaluating,
  author    = {Luke, Steven G},
  journal   = {Behavior research methods},
  title     = {Evaluating significance in linear mixed--effects models in R},
  year      = {2017},
  number    = {4},
  pages     = {1494--1502},
  volume    = {49},
  publisher = {Springer},
}

@Article{barton2015package,
  author  = {Barton, Kamil and Barton, Maintainer Kamil},
  journal = {Version},
  title   = {Package ‘mumin’},
  year    = {2015},
  number  = {18},
  pages   = {439},
  volume  = {1},
}

@Book{rothermel1972mathematical,
  author    = {Rothermel, Richard C},
  publisher = {Intermountain Forest \& Range Experiment Station, Forest Service, US~…},
  title     = {A mathematical model for predicting fire spread in wildland fuels},
  year      = {1972},
  volume    = {115},
}

@Article{kassambara2017package,
  author  = {Kassambara, Alboukadel and Mundt, Fabian},
  journal = {Extract and visualize the results of multivariate data analyses},
  title   = {Package ‘factoextra’},
  year    = {2017},
  number  = {2},
  volume  = {76},
}

@Article{wickham2016package,
  author  = {Wickham, Hadley and Chang, Winston and Wickham, Maintainer Hadley},
  journal = {Create elegant data visualisations using the grammar of graphics. Version},
  title   = {Package ‘ggplot2’},
  year    = {2016},
  number  = {1},
  pages   = {1--189},
  volume  = {2},
}




@Article{ray2005micrometeorological,
  author    = {Ray, David and Nepstad, Daniel and Moutinho, Paulo},
  journal   = {Ecological Applications},
  title     = {Micrometeorological and canopy controls of fire susceptibility in a forested Amazon landscape},
  year      = {2005},
  number    = {5},
  pages     = {1664--1678},
  volume    = {15},
  publisher = {Wiley Online Library},
}

@Article{kamoske2021leaf,
  author    = {Kamoske, Aaron G and Dahlin, Kyla M and Serbin, Shawn P and Stark, Scott C},
  journal   = {Ecological Applications},
  title     = {Leaf traits and canopy structure together explain canopy functional diversity: an airborne remote sensing approach},
  year      = {2021},
  number    = {2},
  pages     = {e02230},
  volume    = {31},
  publisher = {Wiley Online Library},
}

@Article{niinemets1999research,
  author    = {Niinemets, {\"U}lo},
  journal   = {The New Phytologist},
  title     = {Research review. Components of leaf dry mass per area--thickness and density--alter leaf photosynthetic capacity in reverse directions in woody plants},
  year      = {1999},
  number    = {1},
  pages     = {35--47},
  volume    = {144},
  publisher = {Cambridge University Press},
}

@Article{poorter2009causes,
  author    = {Poorter, Hendrik and Niinemets, {\"U}lo and Poorter, Lourens and Wright, Ian J and Villar, Rafael},
  journal   = {New phytologist},
  title     = {Causes and consequences of variation in leaf mass per area (LMA): a meta--analysis},
  year      = {2009},
  number    = {3},
  pages     = {565--588},
  volume    = {182},
  publisher = {Wiley Online Library},
}

@Article{krix2018landscape,
  author    = {Krix, Daniel W and Murray, Brad R},
  journal   = {Ecosphere},
  title     = {Landscape variation in plant leaf flammability is driven by leaf traits responding to environmental gradients},
  year      = {2018},
  number    = {2},
  pages     = {e02093},
  volume    = {9},
  publisher = {Wiley Online Library},
}

@Article{scarff2006leaf,
  author    = {Scarff, FR and Westoby, M},
  journal   = {Functional Ecology},
  title     = {Leaf litter flammability in some semi--arid Australian woodlands},
  year      = {2006},
  pages     = {745--752},
  publisher = {JSTOR},
}

@Article{kane2008burning,
  author    = {Kane, Jeffrey M and Varner, J Morgan and Hiers, J Kevin},
  journal   = {Forest Ecology and Management},
  title     = {The burning characteristics of southeastern oaks: discriminating fire facilitators from fire impeders},
  year      = {2008},
  number    = {12},
  pages     = {2039--2045},
  volume    = {256},
  publisher = {Elsevier},
}

@Article{schwilk2015dimensions,
  author    = {Schwilk, Dylan W},
  journal   = {New Phytologist},
  title     = {Dimensions of plant flammability},
  year      = {2015},
  number    = {2},
  pages     = {486--488},
  volume    = {206},
  publisher = {JSTOR},
}

@article{smeins2005historyoffire1,
  title={History and use of fire in Texas},
  author={Smeins, FE and Fuhlendorf, SD and Taylor Jr, CA},
  journal={Fire as a tool for managing wildlife habitat in Texas. Texas Cooperative Extension, San Angelo, Texas, USA},
  pages={6--16},
  year={2005}
}

@article{stambaugh2014historicalfirehistory,
  title={Historical pyrogeography of Texas, USA},
  author={Stambaugh, Michael C and Sparks, Jeffrey C and Abadir, ER},
  journal={Fire Ecology},
  volume={10},
  number={3},
  pages={72--89},
  year={2014},
  publisher={Springer}
}





@article{arnold1979seasonallist,
  title={Seasonal food habits of white-tailed deer in the South Texas Plains.},
  author={Arnold, Leroy A and Drawe, D Lynn},
  journal={Rangeland Ecology \& Management/Journal of Range Management Archives},
  volume={32},
  number={3},
  pages={175--178},
  year={1979}
}


@article{schlesinger1990biologicalovergrazing1,
  title={Biological feedbacks in global desertification},
  author={Schlesinger, William H and Reynolds, James F and Cunningham, Gary L and Huenneke, Laura F and Jarrell, Wesley M and Virginia, Ross A and Whitford, Walter G},
  journal={Science},
  volume={247},
  number={4946},
  pages={1043--1048},
  year={1990},
  publisher={American Association for the Advancement of Science}
}



@article{moir1982firehistory,
  title={A fire history of the high chisos, Big Bend National Park, Texas},
  author={Moir, William H},
  journal={The Southwestern Naturalist},
  pages={87--98},
  year={1982},
  publisher={JSTOR}
}

@article{stambaugh2011firehistory,
  title={Fire history of a relict oak woodland in northeast Texas},
  author={Stambaugh, Michael C and Sparks, Jeff and Guyette, Richard P and Willson, Gary},
  journal={Rangeland Ecology \& Management},
  volume={64},
  number={4},
  pages={419--423},
  year={2011},
  publisher={Elsevier}
}

@Article{pellizzaro2007seasonal,
  author    = {Pellizzaro, Grazia and Duce, Pierpaolo and Ventura, Andrea and Zara, Pierpaolo},
  journal   = {International Journal of Wildland Fire},
  title     = {Seasonal variations of live moisture content and ignitability in shrubs of the Mediterranean Basin},
  year      = {2007},
  number    = {5},
  pages     = {633--641},
  volume    = {16},
  publisher = {CSIRO Publishing},
}

@Article{dimitrakopoulos2001flammability,
  author    = {Dimitrakopoulos, AP and Papaioannou, Kyriakos K},
  journal   = {Fire Technology},
  title     = {Flammability assessment of Mediterranean forest fuels},
  year      = {2001},
  number    = {2},
  pages     = {143--152},
  volume    = {37},
  publisher = {Springer},
}


@Article{cionco1978analysis,
  author    = {Cionco, Ronald M},
  journal   = {Boundary-Layer Meteorology},
  title     = {Analysis of canopy index values for various canopy densities},
  year      = {1978},
  number    = {1},
  pages     = {81--93},
  volume    = {15},
  publisher = {Springer},
}

@Article{shi2019leaf,
  author    = {Shi, Peijian and Liu, Mengdi and Ratkowsky, David A and Gielis, Johan and Su, Jialu and Yu, Xiaojing and Wang, Ping and Zhang, Lifang and Lin, Zhiyi and Schrader, Julian},
  journal   = {Trees},
  title     = {Leaf area--length allometry and its implications in leaf shape evolution},
  year      = {2019},
  number    = {4},
  pages     = {1073--1085},
  volume    = {33},
  publisher = {Springer},
}




@article{white1994monoterpenes,
  title={Monoterpenes: their effects on ecosystem nutrient cycling},
  author={White, Carleton S},
  journal={Journal of chemical ecology},
  volume={20},
  number={6},
  pages={1381--1406},
  year={1994},
  publisher={Springer}
}



@article{ormeno2009relationship,
  title={The relationship between terpenes and flammability of leaf litter},
  author={Ormeno, Elena and Cespedes, Blanca and Sanchez, Ivan A and Velasco-Garc{\'\i}a, Angel and Moreno, Jose M and Fernandez, Catherine and Baldy, Virginie},
  journal={Forest Ecology and Management},
  volume={257},
  number={2},
  pages={471--482},
  year={2009},
  publisher={Elsevier}
}


@Article{wang2008molecular,
  author    = {Wang, Yonghong and Li, Jiayang},
  journal   = {Annual review of plant biology},
  title     = {Molecular basis of plant architecture},
  year      = {2008},
  pages     = {253},
  volume    = {59},
  publisher = {ANNUAL REVIEWS INC},
}



@Comment{jabref-meta: databaseType:bibtex;}
